@article{kara,
    author    = "Anastasios Karafillis",
    title     = "When You Shouldn’t Use Fitts’s Law To Measure User Experience",
    journal   = "Smashing Magazine",
    year      = "2012",
    adress = "http://uxdesign.smashingmagazine.com/2012/12/04/fittss-law-and-user-experience/"
}

@article{azu,
    author    = "Tatiana Azundris",
    title     = "A Fire in the Pie",
    journal   = "Personal Blog",
    adress = "http://blog.azundris.com/archives/168-A-fire-in-the-pie.html"
}

@article{jaws,
    author    = "msujaws",
    title     = "Increasing the usability of Firefox’s Back button",
    journal   = "JAWS Blog",
    year      = "2011",
    adress = "http://msujaws.wordpress.com/2011/06/30/increasing-the-usability-of-firefoxs-back-button/"
}